@book{apa7,
  title={Publication Manual of the American Psychological Association},
  author={American Psychological Association},
  year={2020},
  edition={7th},
  publisher={American Psychological Association},
}

@article{sample,
  title={A Sample Article},
  author={John Doe and Jane Smith},
  journal={Journal of Examples},
  year={2023},
  volume={10},
  number={2},
  pages={100--110},
  doi={10.1234/example},
}

@inproceedings{conference,
  title={Proceedings of a Conference},
  author={Alice Johnson},
  booktitle={Proceedings of the International Conference on Research},
  year={2022},
  pages={50--60},
  publisher={Conference Publisher},
}

@online{cajal2020,
	author={Alberto, Cajal},
	title={Planeación didáctica: características, elementos, tipos, ejemplo},
	year={2020},
	url={https://www.lifeder.com/planeacion-didactica/},
	urldate={2020-06-02}
}

@article{diazangel2013,
	title={TIC en el trabajo del aula. Impacto en la planeación didáctica},
	author={Díaz-Barriga Ángel},
	journal={Revista Iberoamericana de Educación Superior},
	year={2013},
	volume={4},
	number={10},
	pages={3--21},
	doi={DOI: 10.1016/S2007-2872(13)71921-8}
}

@online{laia2014,
	author={Laia, Mestres },
	title={TIC y Educación: Planificación Estratégica},
	year={2014},
	url={https://www.educaweb.com/noticia/2014/05/12/tic-educacion-planificacion-estrategica-8221/#:~:text=Como%20hemos%20dicho%20anteriormente%2C%20las,sido%20la%20respuesta%20del%20alumnado?},
	urldate={2014-05-15}
}